<?xml version="1.0" encoding="UTF-8"?><collection xmlns="http://www.loc.gov/MARC21/slim"><record><leader>00589nam--2200205-i-4500</leader><controlfield tag="001">000026042</controlfield><controlfield tag="002">20161230</controlfield><controlfield tag="005">20161230201036</controlfield><controlfield tag="008">060222s1000------------r-----000-0-eng-d</controlfield><datafield ind1=" " ind2=" " tag="040"><subfield code="a">IFIN-HH</subfield></datafield><datafield ind1=" " ind2=" " tag="080"><subfield code="a">535:389.6</subfield></datafield><datafield ind1="1" ind2=" " tag="100"><subfield code="a">Jones, O. C. And Preston, J. S</subfield></datafield><datafield ind1="1" ind2="0" tag="245"><subfield code="a">Photometric standards and the unit of light</subfield><subfield code="c">O.c. jones, j.s. preston</subfield></datafield><datafield ind1=" " ind2=" " tag="250"><subfield code="a">Second Edition</subfield></datafield><datafield ind1=" " ind2=" " tag="260"><subfield code="a">London</subfield><subfield code="b">Her Majesty`S Stationery Office</subfield><subfield code="c">1969</subfield></datafield><datafield ind1=" " ind2=" " tag="300"><subfield code="a">39P</subfield></datafield><datafield ind1=" " ind2=" " tag="490"><subfield code="a">Notes On Applied Science</subfield><subfield code="v">No. 24</subfield></datafield><datafield ind1=" " ind2=" " tag="700"><subfield code="a">Preston, J. S</subfield></datafield><datafield ind1=" " ind2=" " tag="852"><subfield code="a">39802</subfield><subfield code="c">535</subfield></datafield><datafield ind1=" " ind2=" " tag="CAT"><subfield code="a">Sys</subfield><subfield code="c">20101103</subfield><subfield code="h">153028</subfield></datafield></record></collection>